@article{chen2013crossreactive,
  title        = {Discovery of cross-reactive probes and polymorphic CpGs in the Illumina Infinium HumanMethylation450 microarray},
  author       = {Chen, Yi-an and Lemire, Mathieu and Choufani, Sanaa and Butcher, Darci T. and Grafodatskaya, Daria and Zanke, Brent W. and Gallinger, Steven and Hudson, Thomas J. and Weksberg, Rosanna},
  journal      = {Epigenetics},
  volume       = {8},
  number       = {2},
  pages        = {203--209},
  year         = {2013},
  publisher    = {Landes Bioscience},
  doi          = {10.4161/epi.23470},
  url          = {https://doi.org/10.4161/epi.23470}
}

@article{teschendorff2016fielddefects,
  title        = {DNA methylation outliers in normal breast tissue identify field defects that are enriched in cancer},
  author       = {Teschendorff, Andrew E. and Gao, Yinyin and Jones, Andrew and Ruebner, Matthias and Beckmann, Matthias W. and Wachter, Daniel L. and Fasching, Peter A. and Widschwendter, Martin},
  journal      = {Nature Communications},
  volume       = {7},
  pages        = {10478},
  year         = {2016},
  doi          = {10.1038/ncomms10478},
  url          = {https://doi.org/10.1038/ncomms10478}
}

@article{gao2015integrative,
  title        = {The integrative epigenomic-transcriptomic landscape of ER positive breast cancer},
  author       = {Gao, Yang and Jones, Allison and Fasching, Peter A. and Ruebner, Matthias and Beckmann, Matthias W. and Widschwendter, Martin and Teschendorff, Andrew E.},
  journal      = {Clinical Epigenetics},
  volume       = {7},
  pages        = {126},
  year         = {2015},
  doi          = {10.1186/s13148-015-0159-0},
  url          = {https://doi.org/10.1186/s13148-015-0159-0}
}

@article{ding2019pancancer,
  author    = {Wubin Ding and Geng Chen and Tieliu Shi},
  title     = {Integrative analysis identifies potential DNA methylation biomarkers for pan-cancer diagnosis and prognosis},
  journal   = {Epigenetics},
  volume    = {14},
  number    = {1},
  pages     = {67--80},
  year      = {2019},
  publisher = {Taylor \& Francis},
  doi       = {10.1080/15592294.2019.1568178}
}

@article{gao2018dnamethylation,
  title        = {DNA methylation patterns in normal tissue correlate more strongly with breast cancer status than copy-number variants},
  author       = {Gao, Yang and Widschwendter, Martin and Teschendorff, Andrew E.},
  journal      = {EBioMedicine},
  volume       = {31},
  pages        = {243--252},
  year         = {2018},
  doi          = {10.1016/j.ebiom.2018.04.025},
  url          = {https://doi.org/10.1016/j.ebiom.2018.04.025}
}

@article{croes2018dfna5,
  author  = {Croes, J. and Couck, L. and De Wilde, J. and Tummers, P. and Denys, P. and De Schrijver, P. and Van Camp, L.},
  title   = {Large-scale analysis of DFNA5 methylation reveals its potential as biomarker for breast cancer},
  journal = {Clinical Epigenetics},
  volume  = {10},
  number  = {1},
  pages   = {51--64},
  year    = {2018},
  doi     = {10.1186/s13148-018-0490-9}
}

@article{fan2021stagegrn,
author    = {L. Fan and J. Hou and G. Qin},
title     = {Prediction of Disease Genes Based on Stage-Specific Gene Regulatory Networks in Breast Cancer},
journal   = {Frontiers in Genetics},
year      = {2021},
volume    = {12},
pages     = {717557},
doi       = {10.3389/fgene.2021.717557}
}

@article{gao2025cfdna,
  author       = {Gao, Lijing and Li, Yanbing and Qu, Chao and Dong, Yan and Fu, Qingzhen and Zhou, Haibo and Zhao, Ning and Zhang, Xianyu and Pang, Da and Zhao, Yashuang},
  title        = {Genome-wide discovery of circulating cell-free DNA methylation signatures for the differential diagnosis of triple-negative breast cancer},
  journal      = {PeerJ},
  year         = {2025},
  volume       = {13},
  pages        = {e19888},
  doi          = {10.7717/peerj.19888}
}

@article{zhu2024stemtoc,
  author  = {Zhu, Tianyu and Tong, Huige and Du, Zhaozhen and Beck, Stephan and Teschendorff, Andrew E.},
  title   = {An improved epigenetic counter to track mitotic age in normal and precancerous tissues},
  journal = {Nature Communications},
  year    = {2024},
  volume  = {15},
  number  = {4211},
  doi     = {10.1038/s41467-024-48649-8}
}

@article{yang2015integrative,
  author    = {Zhen Yang and Allison Jones and Martin Widschwendter and Andrew E. Teschendorff},
  title     = {An integrative pan-cancer-wide analysis of epigenetic enzymes reveals universal patterns of epigenomic deregulation in cancer},
  journal   = {Genome Biology},
  year      = {2015},
  volume    = {16},
  number    = {1},
  pages     = {140},
  doi       = {10.1186/s13059-015-0699-9}
}

@article{bartlett2021breastepithelial,
  author       = {T. E. Bartlett and P. Jia and S. Chandna and S. Roy},
  title        = {Inference of tissue relative proportions of the breast epithelial cell types luminal progenitor, basal, and luminal mature},
  journal      = {Scientific Reports},
  volume       = {11},
  pages        = {23702},
  year         = {2021},
  doi          = {10.1038/s41598-021-03161-7}
}

@article{teschendorff2020episcore,
  author    = {Teschendorff, Andrew E. and Zhu, Tianyu and Breeze, Charles E. and Beck, Stephan},
  title     = {{EPISCORE}: cell type deconvolution of bulk tissue {DNA} methylomes from single-cell {RNA-Seq} data},
  journal   = {Genome Biology},
  year      = {2020},
  volume    = {21},
  number    = {221},
  pages     = {1--33},
  doi       = {10.1186/s13059-020-02126-9}
}
