@article{chen2013crossreactive,
  title        = {Discovery of cross-reactive probes and polymorphic CpGs in the Illumina Infinium HumanMethylation450 microarray},
  author       = {Chen, Yi-an and Lemire, Mathieu and Choufani, Sanaa and Butcher, Darci T. and Grafodatskaya, Daria and Zanke, Brent W. and Gallinger, Steven and Hudson, Thomas J. and Weksberg, Rosanna},
  journal      = {Epigenetics},
  volume       = {8},
  number       = {2},
  pages        = {203--209},
  year         = {2013},
  publisher    = {Landes Bioscience},
  doi          = {10.4161/epi.23470},
  url          = {https://doi.org/10.4161/epi.23470}
}

@article{teschendorff2016fielddefects,
  title        = {DNA methylation outliers in normal breast tissue identify field defects that are enriched in cancer},
  author       = {Teschendorff, Andrew E. and Gao, Yinyin and Jones, Andrew and Ruebner, Matthias and Beckmann, Matthias W. and Wachter, Daniel L. and Fasching, Peter A. and Widschwendter, Martin},
  journal      = {Nature Communications},
  volume       = {7},
  pages        = {10478},
  year         = {2016},
  doi          = {10.1038/ncomms10478},
  url          = {https://doi.org/10.1038/ncomms10478}
}

@article{gao2015integrative,
  title        = {The integrative epigenomic-transcriptomic landscape of ER positive breast cancer},
  author       = {Gao, Yang and Jones, Allison and Fasching, Peter A. and Ruebner, Matthias and Beckmann, Matthias W. and Widschwendter, Martin and Teschendorff, Andrew E.},
  journal      = {Clinical Epigenetics},
  volume       = {7},
  pages        = {126},
  year         = {2015},
  doi          = {10.1186/s13148-015-0159-0},
  url          = {https://doi.org/10.1186/s13148-015-0159-0}
}

@article{ding2019pancancer,
  author    = {Wubin Ding and Geng Chen and Tieliu Shi},
  title     = {Integrative analysis identifies potential DNA methylation biomarkers for pan-cancer diagnosis and prognosis},
  journal   = {Epigenetics},
  volume    = {14},
  number    = {1},
  pages     = {67--80},
  year      = {2019},
  publisher = {Taylor \& Francis},
  doi       = {10.1080/15592294.2019.1568178}
}

@article{gao2018dnamethylation,
  title        = {DNA methylation patterns in normal tissue correlate more strongly with breast cancer status than copy-number variants},
  author       = {Gao, Yang and Widschwendter, Martin and Teschendorff, Andrew E.},
  journal      = {EBioMedicine},
  volume       = {31},
  pages        = {243--252},
  year         = {2018},
  doi          = {10.1016/j.ebiom.2018.04.025},
  url          = {https://doi.org/10.1016/j.ebiom.2018.04.025}
}

@article{croes2018dfna5,
  author  = {Croes, J. and Couck, L. and De Wilde, J. and Tummers, P. and Denys, P. and De Schrijver, P. and Van Camp, L.},
  title   = {Large-scale analysis of DFNA5 methylation reveals its potential as biomarker for breast cancer},
  journal = {Clinical Epigenetics},
  volume  = {10},
  number  = {1},
  pages   = {51--64},
  year    = {2018},
  doi     = {10.1186/s13148-018-0490-9}
}
