@book{ref1,
  author       = {{National Institutes of Health (US)} and {Biological Sciences Curriculum Study}},
  title        = {Understanding Cancer},
  address      = {Bethesda, MD, USA},
  publisher    = {National Institutes of Health (US)},
  year         = {2007},
  note         = {[Online]. Available: \url{https://www.ncbi.nlm.nih.gov/books/NBK20362/}}
}

@article{ref2,
  author       = {D. Hanahan and R. A. Weinberg},
  title        = {The hallmarks of cancer},
  journal      = {Cell},
  volume       = {100},
  number       = {1},
  pages        = {57--70},
  month        = jan,
  year         = {2000}
}

@incollection{ref3,
  author       = {G. Menon and F. M. Alkabban and T. Ferguson},
  title        = {Breast Cancer},
  booktitle    = {StatPearls [Internet]},
  publisher    = {StatPearls Publishing},
  address      = {Treasure Island, FL, USA},
  year         = {2025},
  note         = {[Online]. Available: \url{https://www.ncbi.nlm.nih.gov/books/NBK482286/}}
}

@article{ref4,
  author       = {A. Bird},
  title        = {DNA methylation patterns and epigenetic memory},
  journal      = {Genes \& Development},
  volume       = {16},
  number       = {1},
  pages        = {6--21},
  month        = jan,
  year         = {2002}
}

@article{ref5,
  author       = {J. J. S. Wilcox and J. Ord and D. Kappei and T. I. Gossmann},
  title        = {The CpG Landscape of Protein Coding DNA in Vertebrates},
  journal      = {Evolutionary Applications},
  year         = {2025}
}

@misc{ref6,
  author       = {{National Center for Biotechnology Information}},
  title        = {GSE69914 on GEO Datasets},
  howpublished = {Gene Expression Omnibus (GEO)},
  year         = {2015},
  note         = {[Online]. Available: \url{https://www.ncbi.nlm.nih.gov/geo/query/acc.cgi?acc=GSE69914}}
}

@misc{ref7,
  author       = {{National Cancer Institute}},
  title        = {BRCA Gene Changes: Cancer Risk and Genetic Testing},
  howpublished = {National Institutes of Health},
  month        = jul,
  year         = {2024},
  note         = {[Online]. Available: \url{https://www.cancer.gov/about-cancer/causes-prevention/genetics/brca-fact-sheet}}
}

@article{ref8,
  author       = {M. Ehrlich},
  title        = {DNA methylation in cancer: too much, but also too little},
  journal      = {Oncogene},
  volume       = {21},
  number       = {35},
  pages        = {5400--5413},
  month        = aug,
  year         = {2002}
}

@article{ref9,
  author       = {W. Zhou and P. W. Laird and H. Shen},
  title        = {Comprehensive characterization, annotation and innovative use of Infinium DNA methylation BeadChip probes},
  journal      = {Nucleic Acids Research},
  volume       = {45},
  number       = {4},
  pages        = {e22},
  year         = {2016},
  doi          = {10.1093/nar/gkw967},
  note         = {[Online]. Available: \url{https://doi.org/10.1093/nar/gkw967}}
}

@article{ref10,
  author       = {P. Du and X. Zhang and C.-C. Huang and N. Jafari and W. A. Kibbe and L. Hou and S. M. Lin},
  title        = {Comparison of Beta-value and M-value methods for quantifying methylation levels by microarray analysis},
  journal      = {BMC Bioinformatics},
  volume       = {11},
  pages        = {587},
  year         = {2010}
}

@article{ref11,
  author       = {J. Maksimovic and L. Gordon and A. Oshlack},
  title        = {SWAN: Subset-quantile Within Array Normalization for Illumina Infinium HumanMethylation450 BeadChips},
  journal      = {Genome Biology},
  volume       = {13},
  number       = {6},
  pages        = {R44},
  year         = {2012}
}

@article{ref12,
  author       = {A. E. Teschendorff and Y. Gao and A. Jones and others},
  title        = {DNA methylation outliers in normal breast tissue identify field defects that are enriched in cancer},
  journal      = {Nature Communications},
  volume       = {7},
  pages        = {10478},
  year         = {2016}
}

@article{ref13,
  author       = {F. Seeboth and others},
  title        = {DNA methylation outlier burden, health and ageing in Generation Scotland and Lothian Birth Cohorts},
  journal      = {Clinical Epigenetics},
  volume       = {12},
  number       = {1},
  pages        = {103},
  year         = {2020}
}

@article{ref14,
  author       = {G. Benelli and G. Franceschini and A. Magi and A. Romagnoli and U. Biagioni and G. Migliaccio and L. Malorni and F. Demichelis},
  title        = {Charting differentially methylated regions in cancer with Rocker-meth},
  journal      = {Communications Biology},
  volume       = {4},
  number       = {1},
  pages        = {1249},
  month        = dec,
  year         = {2021}
}

@article{ref15,
  author       = {F. Pedregosa and others},
  title        = {Scikit-learn: Machine Learning in Python},
  journal      = {Journal of Machine Learning Research},
  volume       = {12},
  pages        = {2825--2830},
  year         = {2011}
}

@article{ref16,
  author       = {L. van der Maaten and G. Hinton},
  title        = {Visualizing data using t-SNE},
  journal      = {Journal of Machine Learning Research},
  volume       = {9},
  pages        = {2579--2605},
  year         = {2008}
}
