@article{Du2010,
  author    = {Pan Du and Xiao Zhang and Chiang{-}Ching Huang and Nadereh Jafari and Warren A. Kibbe and Lifang Hou and Simon M. Lin},
  title     = {Comparison of Beta-value and M-value methods for quantifying methylation levels by microarray analysis},
  journal   = {BMC Bioinformatics},
  volume    = {11},
  pages     = {587},
  year      = {2010},
  publisher = {BioMed Central},
  url       = {https://doi.org/10.1186/1471-2105-11-587},
  note      = {[Online]}
}

@article{naeem2014,
  title   = {Reducing the risk of false discovery enabling identification of biologically significant genome-wide methylation status using the HumanMethylation450 array},
  author  = {Naeem, Haroon and Wong, Nicholas C and Chatterton, Zac and Hong, Matthew K H and Pedersen, John S and Corcoran, Niall M and Hovens, Christopher M and Macintyre, Geoff},
  journal = {BMC Genomics},
  year    = {2014},
  volume  = {15},
  pages   = {51},
  doi     = {10.1186/1471-2164-15-51},
  url     = {http://www.biomedcentral.com/1471-2164/15/51}
}

@article{Cazaly2016,
  author    = {Emma Cazaly and Russell Thomson and James R. Marthick and Adele F. Holloway and Jac Charlesworth and Joanne L. Dickinson},
  title     = {Comparison of pre-processing methodologies for Illumina 450k methylation array data in familial analyses},
  journal   = {Clinical Epigenetics},
  volume    = {8},
  number    = {75},
  year      = {2016},
  pages     = {1--14},
  doi       = {10.1186/s13148-016-0241-2},
  url       = {https://doi.org/10.1186/s13148-016-0241-2},
  publisher = {BioMed Central},
  note      = {Open Access}
}
