% BibTeX (IEEE)
@article{Maksimovic2012SWAN,
  author    = {Jovana Maksimovic and Lavinia Gordon and Alicia Oshlack},
  title     = {SWAN: Subset-quantile Within Array Normalization for Illumina Infinium HumanMethylation450 BeadChips},
  journal   = {Genome Biology},
  year      = {2012},
  volume    = {13},
  pages     = {R44},
  doi       = {10.1186/gb-2012-13-6-r44},
  url       = {http://genomebiology.com/2012/13/6/R44},
  note      = {Open Access}
}

@article{benelli2021rockermeth,
  title   = {Charting differentially methylated regions in cancer with Rocker-meth},
  author  = {Benelli, Matteo and Franceschini, Gian Marco and Magi, Alberto and Romagnoli, Dario and Biagioni, Chiara and Migliaccio, Ilenia and Malorni, Luca and Demichelis, Francesca},
  journal = {Communications Biology},
  year    = {2021},
  volume  = {4},
  number  = {1},
  pages   = {1249},
  doi     = {10.1038/s42003-021-02761-3}
}

@article{seeboth2020outlierburden,
  title   = {DNA methylation outlier burden, health, and ageing in Generation Scotland and the Lothian Birth Cohorts of 1921 and 1936},
  author  = {Seeboth, Anne and McCartney, Daniel L. and Wang, Yunzhang and Hillary, Robert F. and Stevenson, Anna J. and Walker, Rosie M. and Campbell, Archie and Evans, Kathryn L. and McIntosh, Andrew M. and HÃ¤gg, Sara and Deary, Ian J. and Marioni, Riccardo E.},
  journal = {Clinical Epigenetics},
  volume  = {12},
  number  = {49},
  year    = {2020},
  doi     = {10.1186/s13148-020-00838-0},
  url     = {https://doi.org/10.1186/s13148-020-00838-0}
}

@article{zhao2018procure,
  title   = {A urine-based DNA methylation assay, ProCUrE, to identify clinically significant prostate cancer},
  author  = {Zhao, Fang and Olkhov-Mitsel, Ekaterina and Kamdar, Shivani and Jeyapala, Renu and Garcia, Julia and Hurst, Rachel and Hanna, Marcelino Yazbek and Mills, Robert and Tuzova, Alexandra V. and O'Reilly, Eve and Kelly, Sarah and Cooper, Colin and Brewer, Daniel and Perry, Antoinette S. and Clark, Jeremy and Fleshner, Neil and Bapat, Bharati},
  journal = {Clinical Epigenetics},
  volume  = {10},
  number  = {147},
  year    = {2018},
  doi     = {10.1186/s13148-018-0575-z},
  url     = {https://doi.org/10.1186/s13148-018-0575-z}
}
