@book{NIH2007,
  author    = "{National Institutes of Health (US) and Biological Sciences Curriculum Study}",
  title     = {Understanding Cancer},
  address   = {Bethesda, MD, USA},
  publisher = {National Institutes of Health (US)},
  year      = {2007},
  url       = {https://www.ncbi.nlm.nih.gov/books/NBK20362/},
  note      = {[Online]}
}

@misc{nci_brca_2024,
  title        = {BRCA Gene Changes: Cancer Risk and Genetic Testing Fact Sheet},
  author       = {{National Cancer Institute}},
  year         = {2024},
  howpublished = {\url{https://www.cancer.gov/about-cancer/causes-prevention/genetics/brca-fact-sheet}},
  note         = {Accessed October 2025},
  publisher    = {U.S. National Institutes of Health}
}

@incollection{azizi2022introduction,
  title        = {Introduction to Cancer Biology},
  author       = {Azizi, Mehdi and Kokabi, Hadi and Dianat-Moghadam, Hassan and Mehrmohammadi, Mohammad},
  booktitle    = {Targeted Cancer Imaging},
  year         = {2022},
  publisher    = {Elsevier},
  doi          = {10.1016/B978-0-12-824513-2.00002-4},
  url          = {https://www.researchgate.net/publication/357846098_Introduction_to_cancer_biology}
}

@inbook{menon2025breast,
  title        = {Breast Cancer},
  author       = {Menon, Gopal and Alkabban, Fadi M. and Ferguson, Troy},
  year         = {2025},
  booktitle    = {StatPearls [Internet]},
  publisher    = {StatPearls Publishing},
  address      = {Treasure Island (FL)},
  howpublished = {\url{https://www.ncbi.nlm.nih.gov/books/NBK482286/}},
  note         = {Last Update: February 25, 2024}
}

@article{hanahan2000hallmarks,
  title        = {The Hallmarks of Cancer},
  author       = {Hanahan, Douglas and Weinberg, Robert A.},
  journal      = {Cell},
  volume       = {100},
  number       = {1},
  pages        = {57--70},
  year         = {2000},
  publisher    = {Elsevier},
  doi          = {10.1016/S0092-8674(00)81683-9},
  url          = {https://www.cell.com/fulltext/S0092-8674(00)81683-9}
}

@article{ehrlich2002dna,
  title        = {DNA Methylation in Cancer: Too Much, but Also Too Little},
  author       = {Ehrlich, Melanie},
  journal      = {Oncogene},
  volume       = {21},
  number       = {35},
  pages        = {5400--5413},
  year         = {2002},
  publisher    = {Nature Publishing Group},
  doi          = {10.1038/sj.onc.1205651},
  url          = {https://www.nature.com/articles/1205651}
}

@article{bird2002dna,
  title        = {DNA Methylation Patterns and Epigenetic Memory},
  author       = {Bird, Adrian},
  journal      = {Genes \& Development},
  volume       = {16},
  number       = {1},
  pages        = {6--21},
  year         = {2002},
  publisher    = {Cold Spring Harbor Laboratory Press},
  doi          = {10.1101/gad.947102},
  url          = {https://genesdev.cshlp.org/content/16/1/6}
}

@book{russo1996epigenetic,
  title        = {Epigenetic Mechanisms of Gene Regulation},
  author       = {Russo, Vincenzo E. A. and Martienssen, Robert A. and Riggs, Arthur D.},
  year         = {1996},
  publisher    = {Cold Spring Harbor Laboratory Press},
  address      = {Cold Spring Harbor, NY}
}

@article{pina2022cancer,
  title        = {Cancer Biology, Epidemiology, and Treatment in the 21st Century: Current Status and Future Challenges From a Biomedical Perspective},
  author       = {Pi{\~n}a-S{\'a}nchez, Patricia and Ch{\'a}vez-Gonz{\'a}lez, Antonieta and Ruiz-Tachiqu{\'\i}n, Martha and Vadillo, Eduardo and Monroy-Garc{\'\i}a, Alberto and Montesinos, Juan Jos{\'e} and Grajales, Roc{\'\i}o and Guti{\'e}rrez de la Barrera, Marcos and Mayani, Hector},
  journal      = {Cancer Control},
  volume       = {29},
  pages        = {1--20},
  year         = {2022},
  publisher    = {SAGE Publications},
  doi          = {10.1177/10732748221075033},
  url          = {https://journals.sagepub.com/doi/full/10.1177/10732748221075033}
}

@article{ji2010comprehensive,
  title        = {A Comprehensive Methylome Map of Lineage Commitment from Hematopoietic Progenitors},
  author       = {Ji, Hong and Ehrlich, Lauren I. R. and Seita, Jun and Murakami, Peter and Doi, Akiko and Lindau, Paul and Lee, Hwajin and Aryee, Martin J. and Irizarry, Rafael A. and Kim, Kitai and Rossi, Derrick J. and Inlay, Matthew A. and Serwold, Thomas and Karsunky, Holger and Ho, Lena and Daley, George Q. and Weissman, Irving L. and Feinberg, Andrew P.},
  journal      = {Nature Genetics},
  volume       = {42},
  number       = {8},
  pages        = {766--776},
  year         = {2010},
  publisher    = {Nature Publishing Group},
  doi          = {10.1038/ng.654},
  url          = {https://www.nature.com/articles/ng.654}
}

@article{wilcox2025cpg,
  title        = {The CpG Landscape of Protein Coding DNA in Vertebrates},
  author       = {Wilcox, Justin J. S. and Ord, James and Kappei, Dennis and Gossmann, Toni I.},
  journal      = {Evolutionary Applications},
  volume       = {18},
  number       = {e70101},
  year         = {2025},
  publisher    = {John Wiley \& Sons Ltd},
  doi          = {10.1111/eva.70101},
  url          = {https://doi.org/10.1111/eva.70101}
}
